@misc{haswell,
    title = {How to calculate peak theoretical performance of a CPU-based HPC Systems},
    howpublished = {\url{http://www.novatte.com/our-blog/197-how-to-calculate-peak-theoretical-performance-of-a-cpu-based-hpc-system}},
    note = {Accessed: 2016 },
}

