@misc{Gustafson,
    title = {Gustafson's Law},
    howpublished = {\url{https://en.wikipedia.org/wiki/Gustafson%27s_law}},
}

@misc{pinning1,
    title = {Pinning Simulator for Intel® MPI Library},
    howpublished = {\url{https://www.intel.com/content/www/us/en/developer/tools/oneapi/mpi-library-pinning-simulator.html}},
}

@misc{srun1,
    title = {Slurm Workload Manager - srun},
    howpublished = {\url{https://slurm.schedmd.com/srun.html}},
}

@ARTICLE{Mark16,  author={Birrittella, Mark S. and Debbage, Mark and Huggahalli, Ram and Kunz, James and Lovett, Tom and Rimmer, Todd and Underwood, Keith D. and Zak, Robert C.},  journal={IEEE Micro},   title={Enabling Scalable High-Performance Systems with the Intel Omni-Path Architecture},   year={2016},  volume={36},  number={4},  pages={38-47},  doi={10.1109/MM.2016.58}}

@INPROCEEDINGS{Taffet19,  author={Taffet, Philip and Rao, Sanil and León, Edgar and Karlin, Ian},  booktitle={2019 IEEE/ACM Performance Modeling, Benchmarking and Simulation of High Performance Computer Systems (PMBS)},   title={Testing the Limits of Tapered Fat Tree Networks},   year={2019},  volume={},  number={},  pages={47-52},  doi={10.1109/PMBS49563.2019.00011}}

@misc{omnipath,
    title = {Intel® OPA Performance},
    howpublished = {\url{https://www.intel.com/content/www/us/en/high-performance-computing-fabrics/omni-path-architecture-performance-overview.html}},
}
