@misc{haswell,
    title = {How to calculate peak theoretical performance of a CPU-based HPC Systems},
    howpublished = {\url{http://www.novatte.com/our-blog/197-how-to-calculate-peak-theoretical-performance-of-a-cpu-based-hpc-system}},
    note = {Accessed: 2016 },
}

@misc{unifiedMemory,
    title = {Unified Memory for CUDA Beginners},
    howpublished = {\url{https://developer.nvidia.com/blog/unified-memory-cuda-beginners/}},
    note = {Accessed: Jun 19, 2017 },
}

@misc{rtx3080,
    title = {Nvidia To Support NVLink Only for RTX 3090},
    howpublished = {\url{https://www.tomshardware.com/news/nvidia-to-support-nvlink-only-for-rtx-3090}},
    note = {Accessed: Sep 03, 2020},
}

@misc{gpudirect,
  title = {Developing a Linux Kernel Module using GPUDirect RDMA},
  howpublished = {\url{https://docs.nvidia.com/cuda/gpudirect-rdma/index.html#:~:text=GPUDirect%20RDMA%20is%20a%20technology,video%20acquisition%20devices%2C%20storage%20adapters.}},
  note = {Accessed: Jan 12nd, 2022},
}

@misc{introCudaAware,
  title = {An Introduction to CUDA-Aware MPI},
  howpublished = {\url{https://developer.nvidia.com/blog/introduction-cuda-aware-mpi/}},
  note = {Accessed: Jan 12nd, 2022},
}
@misc{gitrepo,
  title = {Git Repository},
  howpublished = {\url{https://gitlab.lrz.de/phuongng_tum/hpclab}},
  note = {Accessed: Jan 12nd, 2022},
}
